<collection xmlns="http://www.loc.gov/MARC21/slim"><record><leader>00652nam  2200205   450</leader><controlfield tag="001">225</controlfield><controlfield tag="003">http://montalegre.opacnet.com/OPAC/default.aspx?ContentAreaControl=ShowRegHoldings.ascx&amp;RegNo=16662</controlfield><datafield tag="095" ind1=" " ind2=" "><subfield code="a">PTBN00036334</subfield></datafield><datafield tag="100" ind1=" " ind2=" "><subfield code="a">19870205d1986    m  y0pory010305  ba</subfield></datafield><datafield tag="101" ind1="1" ind2=" "><subfield code="a">por</subfield><subfield code="c">fre</subfield></datafield><datafield tag="102" ind1=" " ind2=" "><subfield code="a">PT</subfield></datafield><datafield tag="200" ind1="1" ind2=" "><subfield code="a">&lt;O &gt;livro de minha mãe</subfield><subfield code="f">Albert Cohen</subfield><subfield code="g">trad. Joana Morais Varela</subfield></datafield><datafield tag="210" ind1=" " ind2=" "><subfield code="a">Lisboa</subfield><subfield code="c">Contexto</subfield><subfield code="d">1986</subfield></datafield><datafield tag="215" ind1=" " ind2=" "><subfield code="a">161 p.</subfield><subfield code="d">19 cm</subfield></datafield><datafield tag="225" ind1="2" ind2=" "><subfield code="a">Contexto</subfield><subfield code="v">1</subfield></datafield><datafield tag="675" ind1=" " ind2=" "><subfield code="a">821</subfield><subfield code="v">bn</subfield><subfield code="z">por</subfield></datafield><datafield tag="700" ind1=" " ind2="1"><subfield code="a">Cohen</subfield><subfield code="b">Albert</subfield><subfield code="f">1895-1981</subfield></datafield><datafield tag="702" ind1=" " ind2="1"><subfield code="a">Varela</subfield><subfield code="b">Joana</subfield><subfield code="4">730</subfield></datafield><datafield tag="801" ind1=" " ind2="0"><subfield code="a">PT</subfield><subfield code="b">Biblioteca Municipal de Montalegre</subfield><subfield code="g">RPC</subfield></datafield><datafield tag="856" ind1=" " ind2=" "><subfield code="u">locateMedia.asp?cod=20060510145516&amp;ext=jpg</subfield><subfield code="z">CAPA</subfield></datafield><datafield tag="909" ind1="&#9;" ind2=" "><subfield code="a">1</subfield></datafield><datafield tag="966" ind1=" " ind2=" "><subfield code="a">0008589</subfield><subfield code="l">BMM</subfield><subfield code="s">SCG 821 COH liv 1</subfield></datafield></record></collection>